@article{dung1995acceptability,
  title={On the acceptability of arguments and its fundamental role in nonmonotonic reasoning, logic programming and n-person games},
  author={Dung, Phan Minh},
  journal={Artificial intelligence},
  volume={77},
  number={2},
  pages={321--357},
  year={1995},
  publisher={Elsevier}
}