@article{dung1995,
  title={On the acceptability of arguments and its fundamental role in nonmonotonic reasoning, logic programming and n-person games},
  author={Dung, Phan Minh},
  journal={Artificial intelligence},
  volume={77},
  number={2},
  pages={321--357},
  year={1995},
  publisher={Elsevier}
}

@article{baroni2011introduction,
  title={An introduction to argumentation semantics},
  author={Baroni, Pietro and Caminada, Martin and Giacomin, Massimiliano},
  journal={The Knowledge Engineering Review},
  volume={26},
  number={4},
  pages={365--410},
  year={2011},
  publisher={Cambridge University Press}
}

@incollection{baroni2009semantics,
  title={Semantics of abstract argument systems},
  author={Baroni, Pietro and Giacomin, Massimiliano},
  booktitle={Argumentation in artificial intelligence},
  pages={25--44},
  year={2009},
  publisher={Springer}
}


@article{dung2007computing,
  title={Computing ideal sceptical argumentation},
  author={Dung, Phan Minh and Mancarella, Paolo and Toni, Francesca},
  journal={Artificial Intelligence},
  volume={171},
  number={10-15},
  pages={642--674},
  year={2007},
  publisher={Elsevier}
}

@article{caminada2006semi,
  title={Semi-stable semantics},
  author={Caminada, Martin},
  journal={COMMA},
  volume={144},
  pages={121--130},
  year={2006}
}

@misc{ICCMA,
	author={ICCMA},
	title = {{ICCMA - Home}},
	year = {2018},
	month = {Jan},
	note = {[Online; accessed 12. Feb. 2018]},
	url = {http://argumentationcompetition.org/index.html}
}

@misc{argumentationFrameworkExample,
  title={Argumentation Framework},
  author={{Kkaaii (Own work)}},
  year={2017},
  note={[Online; accessed January 31, 2018]},
  url = {https://upload.wikimedia.org/wikipedia/commons/7/7b/Argumentation_Framework.svg}
}

@article{nofal2014algorithms,
  title={Algorithms for argumentation semantics: labeling attacks as a generalization of labeling arguments},
  author={Nofal, Samer and Atkinson, Katie and Dunne, Paul E},
  journal={Journal of Artificial Intelligence Research},
  volume={49},
  pages={635--668},
  year={2014}
}

@article{caminada2008gentle,
  title={A gentle introduction to argumentation semantics},
  author={Caminada, Martin},
  journal={Lecture material, Summer},
  year={2008}
}

@article{ceruttigenerator,
  title={A Generator for Random Argumentation Frameworks},
  author={Cerutti, Federico and Vallati, Mauro and Giacomin, Massimiliano},
  journal={ICCMA 2017},
  year=2016
}

@article{murthy2009software,
  title={Software reliability through theorem proving},
  author={Murthy, SGK and Sekharam, K Raja},
  journal={Defence Science Journal},
  volume={59},
  number={3},
  pages={314},
  year={2009},
  publisher={Defence Scientific Information \& Documentation Centre}
}

@inproceedings{nieves2009extension,
  title={Extension-based argumentation semantics via logic programming semantics with negation as failure},
  author={Nieves S{\'a}nchez, Juan Carlos and G{\'o}mez Sebasti{\`a}, Ignasi},
  booktitle={Fifth Latin American Workshop on Non-Monotonic Reasoning, LANMR'09},
  pages={31--45},
  year={2009},
  organization={CEUR Workshop Proceedings}
}

@incollection{modgil2009proof,
  title={Proof theories and algorithms for abstract argumentation frameworks},
  author={Modgil, Sanjay and Caminada, Martin},
  booktitle={Argumentation in artificial intelligence},
  pages={105--129},
  year={2009},
  publisher={Springer}
}

@article{osorio2016stage,
  title={Defining Stage Argumentation Semantics in Terms of an Abducible Semantics},
  author={Osorio, Mauricio and Carballido, Jos{\'e} Luis and Zepeda, Claudia},
  journal={Electronic Notes in Theoretical Computer Science},
  volume={328},
  pages={59--71},
  year={2016},
  publisher={Elsevier}
}

@article{verheij1996two,
  title={Two approaches to dialectical argumentation: admissible sets and argumentation stages},
  author={Verheij, Bart},
  journal={Proc. NAIC},
  volume={96},
  pages={357--368},
  year={1996}
}
