@misc{ransomware,
author = {Steve Ranger},
title = {Ransomware attack: How a nuisance became a global threat | ZDNet},
howpublished = {\url{http://www.zdnet.com/article/ransomware-attack-how-a-nuisance-became-a-global-threat/}},
month = {},
year = {2017},
note = {(Accessed on 02/10/2018)}
}

@article{dung1995,
	title={On the acceptability of arguments and its fundamental role in nonmonotonic reasoning, logic programming and n-person games},
	author={Dung, Phan Minh},
	journal={Artificial intelligence},
	volume={77},
	number={2},
	pages={321--357},
	year={1995},
	publisher={Elsevier}
}

@article{baroni2011introduction,
	title={An introduction to argumentation semantics},
	author={Baroni, Pietro and Caminada, Martin and Giacomin, Massimiliano},
	journal={The Knowledge Engineering Review},
	volume={26},
	number={4},
	pages={365--410},
	year={2011},
	publisher={Cambridge University Press}
}

@incollection{baroni2009semantics,
	title={Semantics of abstract argument systems},
	author={Baroni, Pietro and Giacomin, Massimiliano},
	booktitle={Argumentation in artificial intelligence},
	pages={25--44},
	year={2009},
	publisher={Springer}
}


@article{dung2007computing,
	title={Computing ideal sceptical argumentation},
	author={Dung, Phan Minh and Mancarella, Paolo and Toni, Francesca},
	journal={Artificial Intelligence},
	volume={171},
	number={10-15},
	pages={642--674},
	year={2007},
	publisher={Elsevier}
}

@article{caminada2006semi,
	title={Semi-stable semantics},
	author={Caminada, Martin},
	journal={COMMA},
	volume={144},
	pages={121--130},
	year={2006}
}

@misc{ICCMA,
	author={Matthias Thimm},
	title = {{ICCMA - Home}},
	year = {2018},
	month = {Jan},
	note = {[Online; accessed 12. Feb. 2018]},
	url = {http://argumentationcompetition.org/index.html}
}

@misc{ICCMA2017,
	author={Matthias Thimm},
	title = {{ICCMA 2017 competition}},
	year = {2018},
	month = {Jul},
	note = {[Online; accessed 25. Aug. 2018]},
	url = {http://argumentationcompetition.org/2017/index.html}
}

@misc{argumentationFrameworkExample,
	title={Argumentation Framework},
	author={{Kkaaii (Own work)}},
	year={2017},
	note={[Online; accessed January 31, 2018]},
	url = {https://upload.wikimedia.org/wikipedia/commons/7/7b/Argumentation_Framework.svg}
}

@article{nofal2014algorithms,
	title={Algorithms for argumentation semantics: labeling attacks as a generalization of labeling arguments},
	author={Nofal, Samer and Atkinson, Katie and Dunne, Paul E},
	journal={Journal of Artificial Intelligence Research},
	volume={49},
	pages={635--668},
	year={2014}
}

@article{caminada2008gentle,
	title={A gentle introduction to argumentation semantics},
	author={Caminada, Martin},
	journal={Lecture material, Summer},
	year={2008}
}

@article{ceruttigenerator,
	title={A Generator for Random Argumentation Frameworks},
	author={Cerutti, Federico and Vallati, Mauro and Giacomin, Massimiliano},
	journal={ICCMA 2017},
	year=2016
}

@article{murthy2009software,
	title={Software reliability through theorem proving},
	author={Murthy, SGK and Sekharam, K Raja},
	journal={Defence Science Journal},
	volume={59},
	number={3},
	pages={314},
	year={2009},
	publisher={Defence Scientific Information \& Documentation Centre}
}

@inproceedings{nieves2009extension,
	title={Extension-based argumentation semantics via logic programming semantics with negation as failure},
	author={Nieves S{\'a}nchez, Juan Carlos and G{\'o}mez Sebasti{\`a}, Ignasi},
	booktitle={Fifth Latin American Workshop on Non-Monotonic Reasoning, LANMR'09},
	pages={31--45},
	year={2009},
	organization={CEUR Workshop Proceedings}
}

@incollection{modgil2009proof,
	title={Proof theories and algorithms for abstract argumentation frameworks},
	author={Modgil, Sanjay and Caminada, Martin},
	booktitle={Argumentation in artificial intelligence},
	pages={105--129},
	year={2009},
	publisher={Springer}
}

@article{osorio2016stage,
	title={Defining Stage Argumentation Semantics in Terms of an Abducible Semantics},
	author={Osorio, Mauricio and Carballido, Jos{\'e} Luis and Zepeda, Claudia},
	journal={Electronic Notes in Theoretical Computer Science},
	volume={328},
	pages={59--71},
	year={2016},
	publisher={Elsevier}
}

@article{verheij1996two,
	title={Two approaches to dialectical argumentation: admissible sets and argumentation stages},
	author={Verheij, Bart},
	journal={Proc. NAIC},
	volume={96},
	pages={357--368},
	year={1996}
}

@inproceedings{Konolige1988DefeasibleAI,
	title={Defeasible Argumentation in Reasoning About Events},
	author={Kurt Konolige},
	booktitle={ISMIS},
	year={1988}
}

@book{gaggl2009solving,
	title={Solving argumentation frameworks using answer set programming},
	author={Gaggl, Sarah Alice},
	year={2009},
	publisher={na}
}

@book{dunne2006computational,
	title={Computational Models of Argument: Proceedings of COMMA 2006},
	author={Dunne, Paul E and Bench-Capon, Trevor JM},
	volume={144},
	year={2006},
	publisher={IOS Press}
}

@article{arieli2015conflict,
	title={Conflict-free and conflict-tolerant semantics for constrained argumentation frameworks},
	author={Arieli, Ofer},
	journal={Journal of Applied Logic},
	volume={13},
	number={4},
	pages={582--604},
	year={2015},
	publisher={Elsevier}
}

@book{dix1995non,
	title={NON-MONOTONIC EXTENSIONS OF LOGIC PROGRAMMING: ICLP'94 Workshop Santa Margherita Ligure, Italy, June 1994 Selected Papers},
	author={Dix, Jurgen and Pereira, Louis Moniz},
	year={1995},
	publisher={Springer-Verlag}
}

@inproceedings{baroni2007comparing,
	title={Comparing argumentation semantics with respect to skepticism},
	author={Baroni, Pietro and Giacomin, Massimiliano},
	booktitle={European Conference on Symbolic and Quantitative Approaches to Reasoning and Uncertainty},
	pages={210--221},
	year={2007},
	organization={Springer}
}

@inproceedings{baroni2004towards,
	title={Towards a formalization of skepticism in extension-based argumentation semantics},
	author={Baroni, Pietro and Giacomin, Massimiliano and Guida, Giovanni},
	booktitle={Proceedings of the 4th Workshop on Computational Models of Natural Argument (CMNA 2004), Valencia, Spain},
	pages={47--52},
	year={2004},
	organization={Citeseer}
}

@inproceedings{caminada2007comparing,
	title={Comparing two unique extension semantics for formal argumentation: ideal and eager},
	author={Caminada, Martin},
	booktitle={Proceedings of the 19th Belgian-Dutch conference on artificial intelligence (BNAIC 2007)},
	pages={81--87},
	year={2007},
	organization={Utrecht University Press}
}

@inproceedings{konolige1988defeasible,
	title={Defeasible Argumentation in Reasoning About Events.},
	author={Konolige, Kurt},
	year={1988},
	booktitle={Methodologies for Intelligent Systems},
	pages={380--390}
}

@article{caminada2004sake,
	title={For the sake of the argument: explorations into argument-based reasoning},
	author={Caminada, Martinus Wigbertus Antonius},
	year={2004},
	publisher={Amsterdam: Vrije Universiteit}
}

@article{caminada2011judgment,
	title={On judgment aggregation in abstract argumentation},
	author={Caminada, Martin and Pigozzi, Gabriella},
	journal={Autonomous Agents and Multi-Agent Systems},
	volume={22},
	number={1},
	pages={64--102},
	year={2011},
	publisher={Springer}
}

@inproceedings{pyglaf,
  title={The pyglaf argumentation reasoner},
  author={Alviano, Mario},
  booktitle={OASIcs-OpenAccess Series in Informatics},
  volume={58},
  year={2018},
  organization={Schloss Dagstuhl-Leibniz-Zentrum fuer Informatik}
}

@article{alias,
  title={Introducing ALIAS},
  author={Wells, Simon and La Greca, Roberto},
  year={2015}
}

@incollection{circumpscription,
  title={Circumscription—a form of non-monotonic reasoning},
  author={McCarthy, John},
  booktitle={Readings in Artificial Intelligence},
  pages={466--472},
  year={1981},
  publisher={Elsevier}
}

@misc{results_sildes,
author = {Gaggl, S. and Linsbichler, T. and Maratea, M. and Woltran, S.},
title = {The 2nd International Competition on Computational Models of Argumentation},
url = {http://argumentationcompetition.org/2017/iccma2017-slides-tafa.pdf},
month = {},
year = {2017},
note = {(Accessed on 07/06/2018)}
}

@misc{python_sets,
	author = {{Python Software Foundation}},
	title = {4. Built-in Types — Python 3.6.6 documentation},
	url = {https://docs.python.org/3.6/library/stdtypes.html?highlight=set#set},
	month = {September},
	year = {2018},
	note = {(Accessed on 08/09/2018)}
}

@misc{pytables,
	author = {{PyTable Maintainers}},
	title = {Welcome to PyTables’ documentation! — PyTables 3.4.4 documentation},
	url = {https://www.pytables.org/},
	month = {},
	year = {2018},
	note = {(Accessed on 08/18/2018)}
}


@article{argmatSat,
	author={Pu, Fuan and Ya, Hang and Luo, Guiming},
	title={argmat-sat: Applying SAT Solvers for Argumentation Problems based on Boolean Matrix Algebra},
	year = {2017},
	month = {}
}

@misc{hdf5,
	author = {{The HDF Group}},
	title = {HDF Group - HDF5},
	url = {https://support.hdfgroup.org/HDF5/},
	month = {},
	year = {2017},
	note = {(Accessed on 09/25/2018)}
}

@misc{defaultdict,
	author = {{Python Software Foundation}},
	title = {8.3. collections — Container datatypes — Python 3.3.7 documentation},
	url = {https://docs.python.org/3.3/library/collections.html#collections.defaultdict},
	month = {},
	year = {2017},
	note = {(Accessed on 09/25/2018)}
}

@article{pythonDictionary,
	title={Python’s dictionary implementation: Being all things to all people},
	author={Kuchling, Andrew},
	journal={Beautiful Code},
	pages={293--302},
	year={2007}
}

@inproceedings{satSolver1,
	title={Efficient conflict driven learning in a boolean satisfiability solver},
	author={Zhang, Lintao and Madigan, Conor F and Moskewicz, Matthew H and Malik, Sharad},
	booktitle={Proceedings of the 2001 IEEE/ACM international conference on Computer-aided design},
	pages={279--285},
	year={2001},
	organization={IEEE Press}
}

@inproceedings{glucose,
	title={Predicting Learnt Clauses Quality in Modern SAT Solvers.},
	author={Audemard, Gilles and Simon, Laurent},
	booktitle={IJCAI},
	volume={9},
	pages={399--404},
	year={2009}
}

@article{argtools,
	title={ArgTools: a Labelling-based Solver for Abstract Argumentation},
	author={Nofal, Samer and Atkinson, Katie and Dunne, Paul E},
	month={},
	year={2017}
}

@article{thimmstochastic,
	title={Stochastic Local Search Algorithms for Abstract Argumentation under Stable Semantics},
	author={Thimm, Matthias},
	month={},
	year={2017}
}

@misc{Pyglafwebsite,
	author = {Alviano, Mario},
	title = {Pyglaf | ALVIANO.COM/.NET/.ORG},
	url = {https://alviano.com/software/pyglaf/},
	month = {},
	year = {2018},
	note = {(Accessed on 10/02/2018)}
}

@inproceedings{satSolver2,
	title={Chaff: Engineering an efficient SAT solver},
	author={Moskewicz, Matthew W and Madigan, Conor F and Zhao, Ying and Zhang, Lintao and Malik, Sharad},
	booktitle={Proceedings of the 38th annual Design Automation Conference},
	pages={530--535},
	year={2001},
	organization={ACM}
}

@article{cnfDefinition,
	title={An algorithm for the satisfiability problem of formulas in conjunctive normal form},
	author={Schuler, Rainer},
	journal={Journal of Algorithms},
	volume={54},
	number={1},
	pages={40--44},
	year={2005},
	publisher={Academic Press}
}

@article{argmatDvisat,
	title={argmat-dvisat: A division-based algorithm framework for solving argumentation problems using SAT},
	author={Pu, Fuan and Ya, Hang and Luo, Guiming},
	month={},
	year={2017}
}

@article{argmatMpg,
	title={argmat-mpg: Modeling and Programming Argumentation Problems with Gecode},
	author={Pu, Fuan and Ya, Hang and Luo, Guiming},
	month={},
	year={2017}
}

@inproceedings{cryptoMiniSat,
	author    = {Soos, Mate and Nohl, Karsten and Castelluccia, Claude},
	title     = {Extending {SAT} Solvers to Cryptographic Problems},
	booktitle = {Theory and Applications of Satisfiability Testing - {SAT} 2009, 12th
	International Conference, {SAT} 2009, Swansea, UK, June 30 - July
	3, 2009. Proceedings},
	pages     = {244--257},
	year      = {2009},
	crossref  = {DBLP:conf/sat/2009},
	url       = {https://doi.org/10.1007/978-3-642-02777-2\_24},
	doi       = {10.1007/978-3-642-02777-2\_24},
	timestamp = {Tue, 23 May 2017 01:08:19 +0200},
	biburl    = {https://dblp.org/rec/bib/conf/sat/SoosNC09},
	bibsource = {dblp computer science bibliography, https://dblp.org}
}

@incollection{matrices,
	title={What Are Matrices},
	author={Serre, Denis},
	booktitle={Matrices},
	pages={15--30},
	year={2010},
	publisher={Springer}
}

@inproceedings{afmatrices1,
	title={Computing argumentation with matrices},
	author={Hadjisoteriou, Evgenios},
	booktitle={OASIcs-OpenAccess Series in Informatics},
	volume={49},
	year={2015},
	organization={Schloss Dagstuhl-Leibniz-Zentrum fuer Informatik}
}

@article{bench2007argumentation,
	title={Argumentation in artificial intelligence},
	author={Bench-Capon, Trevor JM and Dunne, Paul E},
	journal={Artificial intelligence},
	volume={171},
	number={10-15},
	pages={619--641},
	year={2007},
	publisher={Elsevier Science Publishers Ltd.}
}

@article{assa,
	title={ASSA: Computing stable extensions with matrices},
	author={Hadjisoteriou, Evgenios and Georgiou, Michael},
	journal={System Descriptions of the First International Competition on Computational Models of Argumentation (ICCMA15)},
	pages={62--65},
	year={2015}
}

@inproceedings{matrix2,
	title={The matrix approach for abstract argumentation frameworks},
	author={Xu, Yuming and Cayrol, Claudette},
	booktitle={International Workshop on Theorie and Applications of Formal Argumentation},
	pages={243--259},
	year={2015},
	organization={Springer}
}

@article{blackbox,
	title={Black box and white box testing techniques-a literature review},
	author={Nidhra, Srinivas and Dondeti, Jagruthi},
	journal={International Journal of Embedded Systems and Applications (IJESA)},
	volume={2},
	number={2},
	pages={29--50},
	year={2012}
}

@misc{iccmaResults,
	author = {Thimm, Mathias},
	title = {ICCMA - Competition 2017 - Results},
	url = {http://argumentationcompetition.org/2017/results.html},
	month = {},
	year = {2017},
	note = {(Accessed on 10/05/2018)}
}

@article{iccmaBenchmarks,
	title={Benchmark selection at ICCMA’17},
	author={GAGGL, Sarah Alice and LINSBICHLER, Thomas and MARATEA, Marco and WOLTRAN, Stefan},
	year={2018}
}

@article{performanceTesting1,
	title={Experience with performance testing of software systems: issues, an approach, and case study},
	author={Weyuker, Elaine J and Vokolos, Filippos I},
	journal={IEEE transactions on software engineering},
	volume={26},
	number={12},
	pages={1147--1156},
	year={2000},
	publisher={IEEE}
}

@article{testing2,
	title={Different forms of software testing techniques for finding errors},
	author={Khan, Mohd Ehmer},
	journal={International Journal of Computer Science Issues (IJCSI)},
	volume={7},
	number={3},
	pages={24},
	year={2010},
	publisher={Citeseer}
}